@inproceedings{mole,
	author = {\textbf{Lu*}, \textbf{Hongyi} and Yunjie Deng* and Sukarno Mertoguno and Shuai Wang and Zhang, Fengwei},
  booktitle = {the Proceedings of the 2025 ACM SIGSAC Conference on Computer and Communications Security (\textbf{CCS,CCF-A})},
  title = {{MOLE}: {Breaking} {GPU} {TEE} with {GPU-Embedded} {MCU}},
  year = {2025}
}

@INPROCEEDINGS{9474274,
	author={\textbf{Lu}, \textbf{Hongyi} and Wu, Yechang and Li, Shuqing and Lin, You and Zhang, 
	Chaozu and Zhang, Fengwei},
	booktitle={2021 IEEE Security and Privacy Workshops (\textbf{WOOT})}, 
	title={{BADUSB-C}: Revisiting {BadUSB} with {Type-C}}, 
	year={2021},
	pages={327-338},
	keywords={Performance evaluation;Visualization;Privacy;Protocols;User 
	interfaces;Streaming media;Universal Serial Bus;USB;BadUSB;Type-C;Attack}
}

@inproceedings{10.1145/3489517.3530583,
	author = {\textbf{Lu}, \textbf{Hongyi} and Zhang, Fengwei},
	booktitle = {the Proceedings of the 59th ACM/IEEE Design Automation 
	Conference (\textbf{DAC,CCF-A})},
	title = {Raven: a {Novel} {Kernel} {Debugging} {Tool} on {RISC-V}},
	year = {2022},
	pages={1039-1044},
	keywords = {RISC-V, debugger, kernel debugging}
}

@inproceedings{10.1145/3609021.3609304,
	author = {He*, Wanning and \textbf{Lu*}, \textbf{Hongyi} and Zhang, Fengwei and Wang, Shuai},
	booktitle = {the Proceedings of the 1st Workshop on eBPF and Kernel 
	Extensions (\textbf{eBPF})},
	title = {{RingGuard}: {Guard} {io\_uring} with {eBPF}},
	year = {2023},
	pages = {56-62},
	keywords = {operating system, kernel extension, eBPF, io_uring, security}
}

@inproceedings{10.1145/3505253.3505257,
	author = {Li, Haonan and Huang, Weijie and Ren, Mingde and \textbf{Lu}, \textbf{Hongyi} and 
	Ning, Zhenyu and Cui, Heming and Zhang, Fengwei},
	booktitle = {the Proceedings of the 10th International Workshop on Hardware 
	and 
	Architectural Support for Security and Privacy~(\textbf{HASP})},
	title = {A {Novel} {Memory} {Management} for {RISC-V} {Enclaves}},
	year = {2022},
	keywords = {RISC-V, Memory Management, Enclave},
}

@inproceedings{dtd,
	author = {\textbf{Lu}, \textbf{Hongyi} and Liu, Zhibo and Wang, Shuai and Zhang, Fengwei},
	title = {{DTD}: {Comprehensive} and {Scalable} {Testing} for {Debuggers}},
	booktitle = {the Proceedings of the ACM on Software 
	Engineering (\textbf{FSE,CCF-A})},
	year = {2024},
	keywords={Differential Testing, Debug Information}
}

@inproceedings {287103,
	author = {Lu, Hongyi and Wang, Shuai and Wu, Yechang and He, Wanning and 
	Zhang, Fengwei},
	title = {{MOAT}: {Towards} {Safe} {BPF} {Kernel} {Extension}},
	booktitle = {33nd USENIX Security Symposium (\textbf{USENIX Security, CCF-A})},
	year = {2024}
}
